@INPROCEEDINGS{Tang13,
  author =       {Lu-An Tang and Xiao Yu and Quanquan Gu and Jiawei Han and Alice Leung and Thomas La Porta},
  title =        {Mining Lines in the Sand: On Trajectory Discovery From
Untrustworthy Data in Cyber-Physical System},
  booktitle =    {KDD},
  year =         {2013},
}

@phdthesis{Alsolami2012Auth,
    title    = {Path Estimation Using Cellular Handover},
    school   = {Princeton University},
    author   = {Mosny, Mathï¿½ Young},
    year     = {2006},
} %thesis

@inproceedings{zheng2004recent,
  title={Recent advances in mobility modeling for mobile ad hoc network research},
  author={Zheng, Qunwei and Hong, Xiaoyan and Ray, Sibabrata},
  booktitle={Proceedings of the 42nd annual Southeast regional conference},
  pages={70--75},
  year={2004},
  organization={ACM}
} %survey1

@inproceedings{jiang2013review,
  title={A review of urban computing for mobile phone traces: current methods, challenges and opportunities},
  author={Jiang, Shan and Fiore, Gaston A and Yang, Yingxiang and Ferreira Jr, Joseph and Frazzoli, Emilio and Gonz{\'a}lez, Marta C},
  booktitle={Proceedings of the 2nd ACM SIGKDD International Workshop on Urban Computing},
  pages={2},
  year={2013},
  organization={ACM}
} %survey2

@article{calabrese2014urban,
  title={Urban sensing using mobile phone network data: a survey of research},
  author={Calabrese, Francesco and Ferrari, Laura and Blondel, Vincent D},
  journal={ACM Computing Surveys (CSUR)},
  volume={47},
  number={2},
  pages={25},
  year={2014},
  publisher={ACM}
} %survey3

@article{blondel2015survey,
  title={A survey of results on mobile phone datasets analysis},
  author={Blondel, Vincent D and Decuyper, Adeline and Krings, Gautier},
  journal={arXiv preprint arXiv:1502.03406},
  year={2015}
} %survey4

@article{liu2014multi,
  title={Multi-scale population and mobility estimation with geo-tagged Tweets},
  author={Liu, Jiajun and Zhao, Kun and Khan, Saeed and Cameron, Mark and Jurdak, Raja},
  journal={arXiv preprint arXiv:1412.0327},
  year={2014}
} %twitter

@inproceedings{tang2013mining,
  title={Mining lines in the sand: On trajectory discovery from untrustworthy data in cyber-physical system},
  author={Tang, Lu-An and Yu, Xiao and Gu, Quanquan and Han, Jiawei and Leung, Alice and La Porta, Thomas},
  booktitle={Proceedings of the 19th ACM SIGKDD international conference on Knowledge discovery and data mining},
  pages={410--418},
  year={2013},
  organization={ACM}
} %interesting

@inproceedings{gambs2012next,
  title={Next place prediction using mobility markov chains},
  author={Gambs, S{\'e}bastien and Killijian, Marc-Olivier and del Prado Cortez, Miguel N{\'u}{\~n}ez},
  booktitle={Proceedings of the First Workshop on Measurement, Privacy, and Mobility},
  pages={3},
  year={2012},
  organization={ACM}
} %prediction

@inproceedings{dash2014interactive,
  title={An interactive analytics tool for understanding location semantics and mobility of users using mobile network data},
  author={Dash, Manoranjan and Chua, Gim Guan and Nguyen, Hai Long and Yap, Ghim Eng and Hong, Cao and Li, Xiaoli and Krishnaswamy, Shonali Priyadarsini and Decraene, James and Nash, Amy Shi},
  booktitle={Mobile Data Management (MDM), 2014 IEEE 15th International Conference on},
  volume={1},
  pages={345--348},
  year={2014},
  organization={IEEE}
} %relate1

@article{widhalmdiscovering,
  title={Discovering urban activity patterns in cell phone data},
  author={Widhalm, Peter and Yang, Yingxiang and Ulm, Michael and Athavale, Shounak and Gonz{\'a}lez, Marta C},
  journal={Transportation},
  pages={1--27},
  publisher={Springer}
} %transportation1

@article{shin2015new,
  title={A New Understanding of Friendships in Space: Complex Networks Meet Twitter},
  author={Shin, Won-Yong and Singh, Bikash C and Cho, Jaehee and Everett, Andr{\'e} M},
  journal={arXiv preprint arXiv:1507.02206},
  year={2015}
} %complexnetwork1

@inproceedings{stenneth2011transportation,
  title={Transportation mode detection using mobile phones and GIS information},
  author={Stenneth, Leon and Wolfson, Ouri and Yu, Philip S and Xu, Bo},
  booktitle={Proceedings of the 19th ACM SIGSPATIAL International Conference on Advances in Geographic Information Systems},
  pages={54--63},
  year={2011},
  organization={ACM}
} %transmode1

@inproceedings{wang2010accelerometer,
  title={Accelerometer based transportation mode recognition on mobile phones},
  author={Wang, Shuangquan and Chen, Canfeng and Ma, Jian},
  booktitle={Wearable Computing Systems (APWCS), 2010 Asia-Pacific Conference on},
  pages={44--46},
  year={2010},
  organization={IEEE}
} %transmode2

@inproceedings{wang2010transportation,
  title={Transportation mode inference from anonymized and aggregated mobile phone call detail records},
  author={Wang, Huayong and Calabrese, Francesco and Di Lorenzo, Giusy and Ratti, Carlo},
  booktitle={Intelligent Transportation Systems (ITSC), 2010 13th International IEEE Conference on},
  pages={318--323},
  year={2010},
  organization={IEEE}
} %transmode3

@article{biljecki2013transportation,
  title={Transportation mode-based segmentation and classification of movement trajectories},
  author={Biljecki, Filip and Ledoux, Hugo and Van Oosterom, Peter},
  journal={International Journal of Geographical Information Science},
  volume={27},
  number={2},
  pages={385--407},
  year={2013},
  publisher={Taylor \& Francis}
} %transmode4