% correlation
@inproceedings{cho2011friendship,
  title={Friendship and mobility: user movement in location-based social networks},
  author={Cho, Eunjoon and Myers, Seth A and Leskovec, Jure},
  booktitle={Proceedings of the 17th ACM SIGKDD international conference on Knowledge discovery and data mining},
  pages={1082--1090},
  year={2011},
  organization={ACM}
}

@inproceedings{Noulas11,
  author =       {Anastasios Noulas and
Salvatore Scellato and
Cecilia Mascolo and
Massimiliano Pontil},
  title =        {An Empirical Study of Geographic User Activity Patterns in Foursquare},
  booktitle =    {Proceedings of the Fifth International AAAI Conference on Weblogs and Social Media},
  year =         {2011},
  pages =        {570--573}
}

@INPROCEEDINGS{Yuan12,
  author =       {Jing Yuan and
                  Yu Zheng and
                  Xing Xie},
  title =        {Discovering Regions of Different Functions in a City Using Human Mobility and POIs},
  booktitle =    {KDD 2012},
  year =         {2012}
}

% geospatial
@article{smoreda2013spatiotemporal,
  title={Spatiotemporal data from mobile phones for personal mobility assessment},
  author={Smoreda, Zbigniew and Olteanu-Raimond, Ana-Maria and Couronn{\'e}, Thomas and others},
  journal={Transport survey methods: best practice for decision making},
  volume={41},
  pages={745--767},
  year={2013}
}

@inproceedings{meng2014analyzing,
  title={Analyzing the impact of proximity, location, and personality on smartphone usage},
  author={Meng, Lei and Liu, Shu and Striegel, Aaron D},
  booktitle={Computer Communications Workshops (INFOCOM WKSHPS), 2014 IEEE Conference on},
  pages={293--298},
  year={2014},
  organization={IEEE}
}

% markov chains
@inproceedings{gambs2012next,
  title={Next place prediction using mobility markov chains},
  author={Gambs, S{\'e}bastien and Killijian, Marc-Olivier and del Prado Cortez, Miguel N{\'u}{\~n}ez},
  booktitle={Proceedings of the First Workshop on Measurement, Privacy, and Mobility},
  pages={3},
  year={2012},
  organization={ACM}
}

% Inferring transportation mode from GSM traces
@article{hoteit2014estimating,
  title={Estimating human trajectories and hotspots through mobile phone data},
  author={Hoteit, Sahar and Secci, Stefano and Sobolevsky, Stanislav and Ratti, Carlo and Pujolle, Guy},
  journal={Computer Networks},
  volume={64},
  pages={296--307},
  year={2014},
  publisher={Elsevier}
}

@article{zheng2010understanding,
  title={Understanding transportation modes based on GPS data for web applications},
  author={Zheng, Yu and Chen, Yukun and Li, Quannan and Xie, Xing and Ma, Wei-Ying},
  journal={ACM Transactions on the Web (TWEB)},
  volume={4},
  number={1},
  pages={1},
  year={2010},
  publisher={ACM}
}

@article{widhalm2015discovering,
  title={Discovering urban activity patterns in cell phone data},
  author={Widhalm, Peter and Yang, Yingxiang and Ulm, Michael and Athavale, Shounak and Gonz{\'a}lez, Marta C},
  journal={Transportation},
  volume={42},
  number={4},
  pages={597--623},
  year={2015},
  publisher={Springer}
}

@article{trasarti2015discovering,
  title={Discovering urban and country dynamics from mobile phone data with spatial correlation patterns},
  author={Trasarti, Roberto and Olteanu-Raimond, Ana-Maria and Nanni, Mirco and Couronn{\'e}, Thomas and Furletti, Barbara and Giannotti, Fosca and Smoreda, Zbigniew and Ziemlicki, Cezary},
  journal={Telecommunications Policy},
  volume={39},
  number={3},
  pages={347--362},
  year={2015},
  publisher={Elsevier}
}

@incollection{sohn2006mobility,
  title={Mobility detection using everyday gsm traces},
  author={Sohn, Timothy and Varshavsky, Alex and LaMarca, Anthony and Chen, Mike Y and Choudhury, Tanzeem and Smith, Ian and Consolvo, Sunny and Hightower, Jeffrey and Griswold, William G and De Lara, Eyal},
  booktitle={UbiComp 2006: Ubiquitous Computing},
  pages={212--224},
  year={2006},
  publisher={Springer}
}

% Inferring transportation mode with sensors or gps
@inproceedings{wang2014mobile,
  title={Mobile phone data as an alternative data source for travel behavior studies},
  author={Wang, Tingting and Chen, Cynthia and Ma, Jingtao},
  booktitle={Transportation Research Board 93rd Annual Meeting},
  number={14-2887},
  year={2014}
}

@INPROCEEDINGS{6958169, 
 author={H. Ohashi and T. Akiyama and M. Yamamoto and A. Sato}, 
 booktitle={Intelligent Transportation Systems (ITSC), 2014 IEEE 17th International Conference on}, 
 title={Automatic trip-separation method using sensor data continuously collected by smartphone}, 
 year={2014}, 
 pages={2984-2990}, 
 keywords={Global Positioning System;sensors;smart phones;automatic trip-separation method;collected GPS-positioning data;sensor-based travel-behavior survey;smartphone-based method;stay period detection;Acceleration;Accuracy;Bicycles;Cities and towns;Global Positioning System;Legged locomotion}, 
 doi={10.1109/ITSC.2014.6958169}, 
 month={Oct},}

@INPROCEEDINGS{6450942, 
 author={K. Waga and A. Tabarcea and Minjie Chen and P. Franti}, 
 booktitle={Collaborative Computing: Networking, Applications and Worksharing (CollaborateCom), 2012 8th International Conference on}, 
 title={Detecting movement type by route segmentation and classification}, 
 year={2012}, 
 pages={508-513}, 
 keywords={Global Positioning System;Markov processes;smart phones;telecommunication network routing;GPS routes;GPS technology;bicycle;data analysis;motor vehicle;movement type detection;route classification;route segmentation;second order Markov model;smartphones;Correlation;Data analysis;Data models;Global Positioning System;Markov processes;Smart phones;Vehicle dynamics;GPS trajectory routes;classification;mobile applications;route analysis;second order Markov model;segmentation;tracks}, 
 doi={10.4108/icst.collaboratecom.2012.250450}, 
 month={Oct},}

@article{biljecki2013transportation,
  title={Transportation mode-based segmentation and classification of movement trajectories},
  author={Biljecki, Filip and Ledoux, Hugo and Van Oosterom, Peter},
  journal={International Journal of Geographical Information Science},
  volume={27},
  number={2},
  pages={385--407},
  year={2013},
  publisher={Taylor \& Francis}
}

@inproceedings{wang2010accelerometer,
  title={Accelerometer based transportation mode recognition on mobile phones},
  author={Wang, Shuangquan and Chen, Canfeng and Ma, Jian},
  booktitle={2010 Asia-Pacific Conference on Wearable Computing Systems},
  pages={44--46},
  year={2010},
  organization={IEEE}
}

@inproceedings{stenneth2011transportation,
  title={Transportation mode detection using mobile phones and GIS information},
  author={Stenneth, Leon and Wolfson, Ouri and Yu, Philip S and Xu, Bo},
  booktitle={Proceedings of the 19th ACM SIGSPATIAL International Conference on Advances in Geographic Information Systems},
  pages={54--63},
  year={2011},
  organization={ACM}
}

@inproceedings{ficek2012inter,
  title={Inter-call mobility model: A spatio-temporal refinement of call data records using a Gaussian mixture model},
  author={Ficek, Michal and Kencl, Lukas},
  booktitle={INFOCOM, 2012 Proceedings IEEE},
  pages={469--477},
  year={2012},
  organization={IEEE}
}

@article{shin2015urban,
  title={Urban sensing: Using smartphones for transportation mode classification},
  author={Shin, Dongyoun and Aliaga, Daniel and Tun{\c{c}}er, Bige and Arisona, Stefan M{\"u}ller and Kim, Sungah and Z{\"u}nd, Dani and Schmitt, Gerhard},
  journal={Computers, Environment and Urban Systems},
  volume={53},
  pages={76--86},
  year={2015},
  publisher={Elsevier}
}

@article{manzoni2010transportation,
  title={Transportation mode identification and real-time CO2 emission estimation using smartphones},
  author={Manzoni, Vincenzo and Maniloff, Diego and Kloeckl, Kristian and Ratti, Carlo},
  journal={SENSEable City Lab, Massachusetts Institute of Technology, nd},
  year={2010}
}

@INPROCEEDINGS{6038808, 
 author={C. Tacconi and S. Mellone and L. Chiari}, 
 booktitle={Pervasive Computing Technologies for Healthcare (PervasiveHealth), 2011 5th International Conference on}, 
 title={Smartphone-based applications for investigating falls and mobility}, 
 year={2011}, 
 pages={258-261}, 
 keywords={accelerometers;geriatrics;mobile handsets;sensors;fall detection;human fall investigation;human mobility assessment;human mobility investigation;inertial data;management application;smartphone-based applications;timed-up-and-go test;tri-axial accelerometer sensor;Accelerometers;Algorithm design and analysis;Instruments;Mobile handsets;Monitoring;Performance evaluation;Sensors;Android;Smartphone application;Timed-Up-and-Go test;elderly oriented application;fall detection;fall risk assessment}, 
 month={May},}

@INPROCEEDINGS{5283030, 
 author={J. Ryder and B. Longstaff and S. Reddy and D. Estrin}, 
 booktitle={Computational Science and Engineering, 2009. CSE '09. International Conference on}, 
 title={Ambulation: A Tool for Monitoring Mobility Patterns over Time Using Mobile Phones}, 
 year={2009}, 
 volume={4}, 
 pages={927-931}, 
 keywords={human factors;mobile computing;ambulation;intuitive Web-based visualization;mobile phones;mobility monitoring system;mobility-affecting chronic diseases;muscular dystrophy;personal health monitoring systems;Base stations;Batteries;Computerized monitoring;Data visualization;Global Positioning System;Legged locomotion;Mobile handsets;Patient monitoring;Sensor systems;Web server}, 
 doi={10.1109/CSE.2009.312}, 
 month={Aug},}

@INPROCEEDINGS{6460199, 
 author={P. Widhalm and P. Nitsche and N. Br√§ndie}, 
 booktitle={Pattern Recognition (ICPR), 2012 21st International Conference on}, 
 title={Transport mode detection with realistic Smartphone sensor data}, 
 year={2012}, 
 pages={573-576}, 
 keywords={Global Positioning System;accelerometers;cellular radio;feature extraction;hidden Markov models;signal detection;smart phones;GPS signal losses;accelerometer readings;automatic detection;cellular network;fine grained transport mode;hidden Markov model;real time bus locations;realistic smartphone sensor data;transport mode detection;two-stage classification technique;Accelerometers;Feature extraction;Global Positioning System;Hidden Markov models;Legged locomotion;Trajectory;Transportation}, 
 ISSN={1051-4651}, 
 month={Nov},}

@article{Reddy:2010:UMP:1689239.1689243,
 author = {Reddy, Sasank and Mun, Min and Burke, Jeff and Estrin, Deborah and Hansen, Mark and Srivastava, Mani},
 title = {Using Mobile Phones to Determine Transportation Modes},
 journal = {ACM Trans. Sen. Netw.},
 issue_date = {February 2010},
 volume = {6},
 number = {2},
 month = mar,
 year = {2010},
 issn = {1550-4859},
 pages = {13:1--13:27},
 articleno = {13},
 numpages = {27},
 url = {http://doi.acm.org/10.1145/1689239.1689243},
 doi = {10.1145/1689239.1689243},
 acmid = {1689243},
 publisher = {ACM},
 address = {New York, NY, USA},
 keywords = {Activity classification, mobile phones, transportation mode inference},
} 

@inproceedings{Hemminki:2013:ATM:2517351.2517367,
 author = {Hemminki, Samuli and Nurmi, Petteri and Tarkoma, Sasu},
 title = {Accelerometer-based Transportation Mode Detection on Smartphones},
 booktitle = {Proceedings of the 11th ACM Conference on Embedded Networked Sensor Systems},
 series = {SenSys '13},
 year = {2013},
 isbn = {978-1-4503-2027-6},
 location = {Roma, Italy},
 pages = {13:1--13:14},
 articleno = {13},
 numpages = {14},
 url = {http://doi.acm.org/10.1145/2517351.2517367},
 doi = {10.1145/2517351.2517367},
 acmid = {2517367},
 publisher = {ACM},
 address = {New York, NY, USA},
 keywords = {activity recognition, mobile sensing, transportation mode detection},
} 

% Transportation mode
@article{rose2006mobile,
  title={Mobile phones as traffic probes: practices, prospects and issues},
  author={Rose, Geoff},
  journal={Transport Reviews},
  volume={26},
  number={3},
  pages={275--291},
  year={2006},
  publisher={Taylor \& Francis}
}

@inproceedings{wang2010transportation,
  title={Transportation mode inference from anonymized and aggregated mobile phone call detail records},
  author={Wang, Huayong and Calabrese, Francesco and Di Lorenzo, Giusy and Ratti, Carlo},
  booktitle={Intelligent Transportation Systems (ITSC), 2010 13th International IEEE Conference on},
  pages={318--323},
  year={2010},
  organization={IEEE}
}

@article{doyle2011utilising,
  title={Utilising mobile phone billing records for travel mode discovery},
  author={Doyle, John and Hung, Peter and Kelly, Damien and McLoone, Se{\'a}n and Farrell, Ronan},
  year={2011}
}

@article{bekhor2015investigation,
  title={Investigation of travel patterns using passive cellular phone data},
  author={Bekhor, S and Shem-Tov, I Blum},
  journal={Journal of Location Based Services},
  pages={1--20},
  year={2015},
  publisher={Taylor \& Francis}
}

% Trajectory
@phdthesis{Alsolami2012Auth,
    title    = {Path Estimation Using Cellular Handover},
    school   = {Princeton University},
    author   = {Mosny, MathÔøΩ Young},
    year     = {2006},
} 

@inproceedings{jiang2013review,
  title={A review of urban computing for mobile phone traces: current methods, challenges and opportunities},
  author={Jiang, Shan and Fiore, Gaston A and Yang, Yingxiang and Ferreira Jr, Joseph and Frazzoli, Emilio and Gonz{\'a}lez, Marta C},
  booktitle={Proceedings of the 2nd ACM SIGKDD International Workshop on Urban Computing},
  pages={2},
  year={2013},
  organization={ACM}
} 

% Smartphone apps usage
@inproceedings{xu2011identifying,
  title={Identifying diverse usage behaviors of smartphone apps},
  author={Xu, Qiang and Erman, Jeffrey and Gerber, Alexandre and Mao, Zhuoqing and Pang, Jeffrey and Venkataraman, Shobha},
  booktitle={Proceedings of the 2011 ACM SIGCOMM conference on Internet measurement conference},
  pages={329--344},
  year={2011},
  organization={ACM}
}

% Application
% Application1 - prediction
@inproceedings{yan2012fast,
  title={Fast app launching for mobile devices using predictive user context},
  author={Yan, Tingxin and Chu, David and Ganesan, Deepak and Kansal, Aman and Liu, Jie},
  booktitle={Proceedings of the 10th international conference on Mobile systems, applications, and services},
  pages={113--126},
  year={2012},
  organization={ACM}
}

% Geospatial app usage
@inproceedings{shafiq2012characterizing,
  title={Characterizing geospatial dynamics of application usage in a 3G cellular data network},
  author={Shafiq, M Zubair and Ji, Lusheng and Liu, Alex X and Pang, Jeffrey and Wang, Jia},
  booktitle={INFOCOM, 2012 Proceedings IEEE},
  pages={1341--1349},
  year={2012},
  organization={IEEE}
}

@article{yang2015characterizing,
  title={Characterizing User Behavior in Mobile Internet},
  author={Yang, Jie and Qiao, Yuanyuan and Zhang, Xinyu and He, Haiyang and Liu, Fang and Cheng, Gang},
  journal={Emerging Topics in Computing, IEEE Transactions on},
  volume={3},
  number={1},
  pages={95--106},
  year={2015},
  publisher={IEEE}
}

@MISC{Ericsson,
      AUTHOR = "Ericsson",
      TITLE = "Ericsson Mobility Report",
      MONTH = Feb,
      YEAR = 2016,
      NOTE = "\url{http://www.ericsson.com/res/docs/2016/mobility-report/ericsson-mobility-report-feb-2016-interim.pdf}"
}

@MISC{nielsen,
      AUTHOR = "Nielsen",
      TITLE = "SMARTPHONES: SO MANY APPS, SO MUCH TIME",
      MONTH = Jul,
      YEAR = 2014,
      NOTE = "\url{http://www.nielsen.com/us/en/insights/news/2014/smartphones-so-many-apps--so-much-time.html}"
}

@MISC{Statista,
      AUTHOR = "Statista",
      TITLE = "Number of apps available in leading app stores as of July 2015",
      YEAR = 2016,
      NOTE = "\url{http://www.statista.com/statistics/276623/number-of-apps-available-in-leading-app-stores/}"
}